<?xml version="1.0" encoding="UTF-8"?><collection xmlns="http://www.loc.gov/MARC21/slim"><record><leader>00543nam--2200181-u-4500</leader><controlfield tag="001">000056764</controlfield><controlfield tag="002">20190620</controlfield><controlfield tag="005">20190620045133</controlfield><controlfield tag="008">190620s1000------------r-----000-0-eng-d</controlfield><datafield ind1=" " ind2=" " tag="040"><subfield code="a">IFIN-HH</subfield></datafield><datafield ind1=" " ind2=" " tag="041"><subfield code="a">eng</subfield></datafield><datafield ind1="1" ind2=" " tag="100"><subfield code="a">Creyghton, Yves Lodewijk Maria</subfield></datafield><datafield ind1="1" ind2="0" tag="245"><subfield code="a">Pulsed Positive Corona Discharges. Fundamental Study and Application to Flue Gas Treatment</subfield><subfield code="c">Yves Lodewijk Maria Creyghton</subfield></datafield><datafield ind1=" " ind2=" " tag="260"><subfield code="a">Eindhoven</subfield></datafield><datafield ind1=" " ind2=" " tag="300"><subfield code="a">III-XII+238 p</subfield></datafield><datafield ind1=" " ind2=" " tag="500"><subfield code="a">Donatie Gheorghe Dinescu</subfield></datafield><datafield ind1=" " ind2=" " tag="852"><subfield code="a">82748</subfield><subfield code="c">537.52</subfield></datafield><datafield ind1=" " ind2=" " tag="CAT"><subfield code="a">SYS</subfield><subfield code="c">20190620</subfield><subfield code="h">045133</subfield></datafield></record></collection>